@article{Biello:2024pgo,
    author = "Biello, Christian and Mazzitelli, Javier and Sankar, Aparna and Wiesemann, Marius and Zanderighi, Giulia",
    title = "{Higgs boson production in association with massive bottom quarks at NNLO+PS}",
    eprint = "2412.09510",
    archivePrefix = "arXiv",
    primaryClass = "hep-ph",
    reportNumber = "MPP-2024-239, PSI-PR-24-28",
    month = "12",
    year = "2024"
}
@article{FerrarioRavasio:2024kem,
    author = {Ferrario Ravasio, Silvia and Gauld, Rhorry and J\"ager, Barbara and Karlberg, Alexander and Zanderighi, Giulia},
    title = "{An event generator for neutrino-induced Deep Inelastic Scattering and applications to neutrino astronomy}",
    eprint = "2407.03894",
    archivePrefix = "arXiv",
    primaryClass = "hep-ph",
    reportNumber = "CERN-TH-2024-091, MPP-2024-121",
    month = "7",
    year = "2024"
}